@inproceedings{liu2017sphereface,
  title={Sphereface: Deep hypersphere embedding for face recognition},
  author={Liu, Weiyang and Wen, Yandong and Yu, Zhiding and Li, Ming and Raj, Bhiksha and Song, Le},
  booktitle={Proceedings of the IEEE conference on computer vision and pattern recognition},
  pages={212--220},
  year={2017}
}

@article{wang2018support,
  title={Support vector guided softmax loss for face recognition},
  author={Wang, Xiaobo and Wang, Shuo and Zhang, Shifeng and Fu, Tianyu and Shi, Hailin and Mei, Tao},
  journal={arXiv preprint arXiv:1812.11317},
  year={2018}
}

@inproceedings{wang2018cosface,
  title={Cosface: Large margin cosine loss for deep face recognition},
  author={Wang, Hao and Wang, Yitong and Zhou, Zheng and Ji, Xing and Gong, Dihong and Zhou, Jingchao and Li, Zhifeng and Liu, Wei},
  booktitle={Proceedings of the IEEE conference on computer vision and pattern recognition},
  pages={5265--5274},
  year={2018}
}

@inproceedings{deng2019arcface,
  title={Arcface: Additive angular margin loss for deep face recognition},
  author={Deng, Jiankang and Guo, Jia and Xue, Niannan and Zafeiriou, Stefanos},
  booktitle={Proceedings of the IEEE/CVF conference on computer vision and pattern recognition},
  pages={4690--4699},
  year={2019}
}

@inproceedings{zhang2019adacos,
  title={Adacos: Adaptively scaling cosine logits for effectively learning deep face representations},
  author={Zhang, Xiao and Zhao, Rui and Qiao, Yu and Wang, Xiaogang and Li, Hongsheng},
  booktitle={Proceedings of the IEEE/CVF Conference on Computer Vision and Pattern Recognition},
  pages={10823--10832},
  year={2019}
}

@inproceedings{boutros2022elasticface,
  title={Elasticface: Elastic margin loss for deep face recognition},
  author={Boutros, Fadi and Damer, Naser and Kirchbuchner, Florian and Kuijper, Arjan},
  booktitle={Proceedings of the IEEE/CVF Conference on Computer Vision and Pattern Recognition},
  pages={1578--1587},
  year={2022}
}

@inproceedings{dubey2018pairwise,
  title={Pairwise confusion for fine-grained visual classification},
  author={Dubey, Abhimanyu and Gupta, Otkrist and Guo, Pei and Raskar, Ramesh and Farrell, Ryan and Naik, Nikhil},
  booktitle={Proceedings of the European conference on computer vision (ECCV)},
  pages={70--86},
  year={2018}
}

@inproceedings{schroff2015facenet,
  title={Facenet: A unified embedding for face recognition and clustering},
  author={Schroff, Florian and Kalenichenko, Dmitry and Philbin, James},
  booktitle={Proceedings of the IEEE conference on computer vision and pattern recognition},
  pages={815--823},
  year={2015}
}

@article{bromley1993signature,
  title={Signature verification using a" siamese" time delay neural network},
  author={Bromley, Jane and Guyon, Isabelle and LeCun, Yann and S{\"a}ckinger, Eduard and Shah, Roopak},
  journal={Advances in neural information processing systems},
  volume={6},
  year={1993}
}

@article{pereyra2017regularizing,
  title={Regularizing neural networks by penalizing confident output distributions},
  author={Pereyra, Gabriel and Tucker, George and Chorowski, Jan and Kaiser, {\L}ukasz and Hinton, Geoffrey},
  journal={arXiv preprint arXiv:1701.06548},
  year={2017}
}

@inproceedings{wang2017normface,
  title={Normface: L2 hypersphere embedding for face verification},
  author={Wang, Feng and Xiang, Xiang and Cheng, Jian and Yuille, Alan Loddon},
  booktitle={Proceedings of the 25th ACM international conference on Multimedia},
  pages={1041--1049},
  year={2017}
}

@article{hohenwarter2002geogebra,
  title={GeoGebra},
  author={Hohenwarter, Markus and Hohenwarter, Markus},
  journal={Available on-line at http://www. geogebra. org/cms/en},
  year={2002}
}

@article{hunter2007matplotlib,
  title={Matplotlib: A 2D graphics environment},
  author={Hunter, John D},
  journal={Computing in science \& engineering},
  volume={9},
  number={03},
  pages={90--95},
  year={2007},
  publisher={IEEE Computer Society}
}

@article{He2016DeepRL,
  title={Deep Residual Learning for Image Recognition},
  author={Kaiming He and X. Zhang and Shaoqing Ren and Jian Sun},
  journal={2016 IEEE Conference on Computer Vision and Pattern Recognition (CVPR)},
  year={2016},
  pages={770-778}
}

@article{Han2017DeepPR,
  title={Deep Pyramidal Residual Networks},
  author={Dongyoon Han and Jiwhan Kim and Junmo Kim},
  journal={2017 IEEE Conference on Computer Vision and Pattern Recognition (CVPR)},
  year={2017},
  pages={6307-6315}
}

@TechReport{LFWTech,
  author =       {Gary B. Huang and Manu Ramesh and Tamara Berg and 
                  Erik Learned-Miller},
  title =        {Labeled Faces in the Wild: A Database for Studying 
                  Face Recognition in Unconstrained Environments},
  institution =  {University of Massachusetts, Amherst},
  year =         2007,
  number =       {07-49},
  month =        {10}
}

@TechReport{LFWTechUpdate,
  author =       {Gary B. Huang Erik Learned-Miller},
  title =        {Labeled Faces in the Wild: Updates and New Reporting 
                  Procedures},
  institution =  {University of Massachusetts, Amherst},
  year =         2014,
  number =       {UM-CS-2014-003},
  month =        {5}}

@article{Yi2014LearningFR,
  title={Learning Face Representation from Scratch},
  author={Dong Yi and Zhen Lei and Shengcai Liao and S. Li},
  journal={ArXiv},
  year={2014},
  volume={abs/1411.7923}
}

@inproceedings{liu2015faceattributes,
  title = {Deep Learning Face Attributes in the Wild},
  author = {Liu, Ziwei and Luo, Ping and Wang, Xiaogang and Tang, Xiaoou},
  booktitle = {Proceedings of International Conference on Computer Vision (ICCV)},
  month = {12},
  year = {2015} 
}

@inproceedings{tan2019efficientnet,
  title={Efficientnet: Rethinking model scaling for convolutional neural networks},
  author={Tan, Mingxing and Le, Quoc},
  booktitle={International conference on machine learning},
  pages={6105--6114},
  year={2019},
  organization={PMLR}
}

@inproceedings{tan2021efficientnetv2,
  title={Efficientnetv2: Smaller models and faster training},
  author={Tan, Mingxing and Le, Quoc},
  booktitle={International Conference on Machine Learning},
  pages={10096--10106},
  year={2021},
  organization={PMLR}
}

@article{wold1987principal,
  title={Principal component analysis},
  author={Wold, Svante and Esbensen, Kim and Geladi, Paul},
  journal={Chemometrics and intelligent laboratory systems},
  volume={2},
  number={1-3},
  pages={37--52},
  year={1987},
  publisher={Elsevier}
}

@inproceedings{weyand2020google,
  title={Google landmarks dataset v2-a large-scale benchmark for instance-level recognition and retrieval},
  author={Weyand, Tobias and Araujo, Andre and Cao, Bingyi and Sim, Jack},
  booktitle={Proceedings of the IEEE/CVF conference on computer vision and pattern recognition},
  pages={2575--2584},
  year={2020}
}

@article{henkel2021efficient,
  title={Efficient large-scale image retrieval with deep feature orthogonality and Hybrid-Swin-Transformers},
  author={Henkel, Christof},
  journal={arXiv preprint arXiv:2110.03786},
  year={2021}
}

@inproceedings{jouppi2017datacenter,
  title={In-datacenter performance analysis of a tensor processing unit},
  author={Jouppi, Norman P and Young, Cliff and Patil, Nishant and Patterson, David and Agrawal, Gaurav and Bajwa, Raminder and Bates, Sarah and Bhatia, Suresh and Boden, Nan and Borchers, Al and others},
  booktitle={Proceedings of the 44th annual international symposium on computer architecture},
  pages={1--12},
  year={2017}
}

@inproceedings{yang2021dolg,
  title={Dolg: Single-stage image retrieval with deep orthogonal fusion of local and global features},
  author={Yang, Min and He, Dongliang and Fan, Miao and Shi, Baorong and Xue, Xuetong and Li, Fu and Ding, Errui and Huang, Jizhou},
  booktitle={Proceedings of the IEEE/CVF International Conference on Computer Vision},
  pages={11772--11781},
  year={2021}
}

@inproceedings{liu2021swin,
  title={Swin transformer: Hierarchical vision transformer using shifted windows},
  author={Liu, Ze and Lin, Yutong and Cao, Yue and Hu, Han and Wei, Yixuan and Zhang, Zheng and Lin, Stephen and Guo, Baining},
  booktitle={Proceedings of the IEEE/CVF International Conference on Computer Vision},
  pages={10012--10022},
  year={2021}
}

@article{ha2020google,
  title={Google landmark recognition 2020 competition third place solution},
  author={Ha, Qishen and Liu, Bo and Liu, Fuxu and Liao, Peiyuan},
  journal={arXiv preprint arXiv:2010.05350},
  year={2020}
}

@article{shubin2020google,
  title={Google landmark recognition 2020 competition third place solution},
  author={Shubin Dai},
  year={2020}
}

@article{yuqi20212nd,
  title={2nd Place Solution to Google Landmark Retrieval 2021},
  author={Yuqi, Zhang and Xianzhe, Xu and Weihua, Chen and Yaohua, Wang and Fangyi, Zhang and Fan, Wang and Hao, Li},
  journal={arXiv preprint arXiv:2110.04294},
  year={2021}
}

@article{ha2021google,
  title={Google Landmark Retrieval 2021 Competition Third Place Solution},
  author={Ha, Qishen and Liu, Bo and Zhang, Hongwei},
  journal={arXiv preprint arXiv:2110.04619},
  year={2021}
}

@article{dosovitskiy2020image,
  title={An image is worth 16x16 words: Transformers for image recognition at scale},
  author={Dosovitskiy, Alexey and Beyer, Lucas and Kolesnikov, Alexander and Weissenborn, Dirk and Zhai, Xiaohua and Unterthiner, Thomas and Dehghani, Mostafa and Minderer, Matthias and Heigold, Georg and Gelly, Sylvain and others},
  journal={arXiv preprint arXiv:2010.11929},
  year={2020}
}

@article{shubin20212nd,
  title={2nd Place Solution to Google Landmark Recognition Competition 2021},
  author={Shubin Dai},
  journal={arXiv preprint arXiv:2110.02638},
  year={2021}
}

@article{xu20213rd,
  title={3rd Place Solution to Google Landmark Recognition Competition 2021},
  author={Xu, Cheng and Wang, Weimin and Liu, Shuai and Wang, Yong and Tang, Yuxiang and Bian, Tianling and Yan, Yanyu and She, Qi and Yang, Cheng},
  journal={arXiv preprint arXiv:2110.02794},
  year={2021}
}

@inproceedings{mcfee2015librosa,
  title={librosa: Audio and music signal analysis in python},
  author={McFee, Brian and Raffel, Colin and Liang, Dawen and Ellis, Daniel P and McVicar, Matt and Battenberg, Eric and Nieto, Oriol},
  booktitle={Proceedings of the 14th python in science conference},
  volume={8},
  pages={18--25},
  year={2015}
}